<record xmlns="http://www.loc.gov/MARC21/slim" xmlns:xsi="http://www.w3.org/2001/XMLSchema-instance" xsi:schemaLocation="http://www.loc.gov/MARC21/slim http://www.loc.gov/standards/marcxml/schema/MARC21slim.xsd"><leader>02896nam a2200517   4500</leader><controlfield tag="001">002921397</controlfield><controlfield tag="003">NNU</controlfield><controlfield tag="006">m        d        </controlfield><controlfield tag="007">cr cn |||m|||a</controlfield><controlfield tag="008">150223s1969    ir      o     000 0 ara</controlfield><datafield ind1=" " ind2=" " tag="040"><subfield code="a">NNU</subfield><subfield code="b">eng</subfield><subfield code="e">rda</subfield><subfield code="c">NNU</subfield></datafield><datafield ind1="0" ind2=" " tag="041"><subfield code="a">ara</subfield><subfield code="a">per</subfield></datafield><datafield ind1="0" ind2="0" tag="050"><subfield code="a">PJ6101.I23</subfield><subfield code="b">B3436 1969</subfield></datafield><datafield ind1="1" ind2=" " tag="100"><subfield code="6">880-01</subfield><subfield code="a">Mudarris al-Afgha&#772;ni&#772;, Muh&#803;ammad &#699;Ali&#772;.</subfield></datafield><datafield ind1="1" ind2="0" tag="245"><subfield code="6">880-02</subfield><subfield code="a">Mukarrara&#772;t al-Mudarris :</subfield><subfield code="b">sharh&#803; al-Suyu&#772;t&#803;i&#772; /</subfield><subfield code="c">li-H&#803;ujjat al-Isla&#772;m Muh&#803;ammad &#699;Ali&#772; al-Mudarris al-Afgha&#772;ni&#772;.</subfield></datafield><datafield ind1=" " ind2=" " tag="250"><subfield code="6">880-03</subfield><subfield code="a">al-T&#803;ab&#699;ah 2., wa-fi&#772;ha&#772; ziya&#772;da&#772;t muhimmah.</subfield></datafield><datafield ind1=" " ind2=" " tag="260"><subfield code="6">880-04</subfield><subfield code="a">Qum :</subfield><subfield code="b">Intisha&#772;ra&#772;t-i &#699;Alla&#772;mah,</subfield><subfield code="c">1969.</subfield></datafield><datafield ind1=" " ind2=" " tag="300"><subfield code="a">online resource (4 volumes in 2)</subfield></datafield><datafield ind1=" " ind2=" " tag="336"><subfield code="a">text</subfield><subfield code="2">rdacontent</subfield></datafield><datafield ind1=" " ind2=" " tag="337"><subfield code="a">computer</subfield><subfield code="2">rdamedia</subfield></datafield><datafield ind1=" " ind2=" " tag="338"><subfield code="a">online resource</subfield><subfield code="2">rdacarrier</subfield></datafield><datafield ind1=" " ind2=" " tag="500"><subfield code="a">Arabic and Persian.</subfield></datafield><datafield ind1=" " ind2=" " tag="500"><subfield code="a">Vol. 3: al-T&#803;ab&#699;ah 4.</subfield></datafield><datafield ind1=" " ind2=" " tag="500"><subfield code="a">Commentary on Suyu&#772;t&#803;i&#772;'s al-Bahjah al-mard&#803;i&#772;yah, a commentary on the Alfi&#772;yah of Muh&#803;ammad ibn &#699;Abd Alla&#772;h ibn Ma&#772;lik.</subfield></datafield><datafield ind1=" " ind2=" " tag="500"><subfield code="a">Part of the Arabic Collections Online (ACO) project, contributed by New York Univeristy Libraries.</subfield></datafield><datafield ind1=" " ind2=" " tag="533"><subfield code="a">Electronic reproduction.</subfield><subfield code="b">New York, N.Y. :</subfield><subfield code="c">New York University,</subfield><subfield code="d">2015.</subfield><subfield code="5">NNU</subfield></datafield><datafield ind1="0" ind2="0" tag="600"><subfield code="6">880-05</subfield><subfield code="a">Suyu&#772;t&#803;i&#772;,</subfield><subfield code="d">1445-1505.</subfield><subfield code="t">Bahjah al-mard&#803;i&#772;yah.</subfield></datafield><datafield ind1="1" ind2="0" tag="600"><subfield code="6">880-06</subfield><subfield code="a">Ibn Ma&#772;lik, Muh&#803;ammad ibn &#699;Abd Alla&#772;h,</subfield><subfield code="d">-1274.</subfield><subfield code="t">Alfi&#772;yah.</subfield></datafield><datafield ind1=" " ind2="0" tag="650"><subfield code="a">Arabic language</subfield><subfield code="x">Grammar</subfield><subfield code="v">Early works to 1800.</subfield></datafield><datafield ind1="0" ind2="7" tag="630"><subfield code="a">Alfi&#772;yah (Ibn Ma&#772;lik, Muh&#803;ammad ibn &#699;Abd Alla&#772;h)</subfield><subfield code="2">fast</subfield><subfield code="0">(OCoLC)fst01360506</subfield></datafield><datafield ind1="0" ind2="7" tag="630"><subfield code="a">Bahjah al-mard&#803;i&#772;yah (Suyu&#772;t&#803;i&#772;)</subfield><subfield code="2">fast</subfield><subfield code="0">(OCoLC)fst01371509</subfield></datafield><datafield ind1=" " ind2="7" tag="650"><subfield code="a">Arabic language</subfield><subfield code="x">Grammar.</subfield><subfield code="2">fast</subfield><subfield code="0">(OCoLC)fst00812341</subfield></datafield><datafield ind1=" " ind2="7" tag="655"><subfield code="a">Early works.</subfield><subfield code="2">fast</subfield><subfield code="0">(OCoLC)fst01411636</subfield></datafield><datafield ind1="2" ind2=" " tag="710"><subfield code="a">New York University.</subfield><subfield code="b">Libraries.</subfield></datafield><datafield ind1="0" ind2=" " tag="730"><subfield code="a">Arabic Collections Online.</subfield></datafield><datafield ind1="0" ind2="8" tag="776"><subfield code="i">Online version:</subfield><subfield code="a">Mudarris al-Afgha&#772;ni&#772;, Muh&#803;ammad &#699;Ali&#772;.</subfield><subfield code="t">Mukarrara&#772;t al-Mudarris.</subfield><subfield code="b">al-T&#803;ab&#699;ah 2., wa-fi&#772;ha&#772; ziya&#772;da&#772;t muhimmah.</subfield><subfield code="d">Qum : Intisha&#772;ra&#772;t-i &#699;Alla&#772;mah, 1969</subfield><subfield code="w">(OCoLC)573477033</subfield></datafield><datafield ind1="0" ind2="8" tag="776"><subfield code="i">Print version:</subfield><subfield code="a">Mudarris al-Afgha&#772;ni&#772;, Muh&#803;ammad &#699;Ali&#772;.</subfield><subfield code="t">Mukarrara&#772;t al-Mudarris</subfield><subfield code="w">(NNU)002921397</subfield><subfield code="w">(DLC)   85931777</subfield></datafield><datafield ind1="4" ind2="0" tag="856"><subfield code="u">http://hdl.handle.net/2333.1/0vt4bbqm</subfield></datafield><datafield ind1="1" ind2=" " tag="880"><subfield code="6">100-01/</subfield><subfield code="a">&#1605;&#1583;&#1585;&#1587; &#1575;&#1604;&#1575;&#1601;&#1594;&#1575;&#1606;&#1610;&#1548; &#1605;&#1581;&#1605;&#1583; &#1593;&#1604;&#1610;.</subfield></datafield><datafield ind1="1" ind2="0" tag="880"><subfield code="6">245-02/</subfield><subfield code="a">&#1605;&#1603;&#1585;&#1585;&#1575;&#1578; &#1575;&#1604;&#1605;&#1583;&#1585;&#1587; :</subfield><subfield code="b">&#1588;&#1585;&#1581; &#1575;&#1604;&#1587;&#1610;&#1608;&#1591;&#1610; /</subfield><subfield code="c">&#1604;&#1581;&#1580;&#1577; &#1575;&#1604;&#1575;&#1587;&#1604;&#1575;&#1605; &#1605;&#1581;&#1605;&#1583; &#1593;&#1604;&#1610; &#1575;&#1604;&#1605;&#1583;&#1585;&#1587; &#1575;&#1604;&#1575;&#1601;&#1594;&#1575;&#1606;&#1610;.</subfield></datafield><datafield ind1=" " ind2=" " tag="880"><subfield code="6">250-03/</subfield><subfield code="a">&#1575;&#1604;&#1591;&#1576;&#1593;&#1577; 2.&#1548; &#1608;&#1601;&#1610;&#1607;&#1575; &#1586;&#1610;&#1575;&#1583;&#1575;&#1578; &#1605;&#1607;&#1605;&#1577;.</subfield></datafield><datafield ind1=" " ind2=" " tag="880"><subfield code="6">260-04/</subfield><subfield code="a">&#1602;&#1605; :</subfield><subfield code="b">&#1575;&#1606;&#1578;&#1588;&#1575;&#1585;&#1575;&#1578; &#1593;&#1604;&#1575;&#1605;&#1577;&#1548;</subfield><subfield code="c">1969.</subfield></datafield><datafield ind1="0" ind2="4" tag="880"><subfield code="6">600-05/</subfield><subfield code="a">&#1587;&#1610;&#1608;&#1591;&#1610;.</subfield><subfield code="t">&#1576;&#1607;&#1580;&#1577; &#1575;&#1604;&#1605;&#1585;&#1590;&#1610;&#1577;.</subfield></datafield><datafield ind1="1" ind2="4" tag="880"><subfield code="6">600-06/</subfield><subfield code="a">&#1575;&#1576;&#1606; &#1605;&#1575;&#1604;&#1603;&#1548; &#1605;&#1581;&#1605;&#1583; &#1576;&#1606; &#1593;&#1576;&#1583; &#1575;&#1604;&#1604;&#1607;.</subfield><subfield code="t">&#1571;&#1604;&#1601;&#1610;&#1577;.</subfield></datafield><datafield ind1=" " ind2=" " tag="959"><subfield code="a">NNU</subfield><subfield code="b">WEB</subfield><subfield code="c">GENI</subfield><subfield code="t">0</subfield><subfield code="m">Electronic access</subfield><subfield code="s">01</subfield></datafield><datafield ind1=" " ind2=" " tag="999"><subfield code="i">NNU_002921397</subfield><subfield code="s">nyu_aco000010:v.1/2</subfield><subfield code="s">nyu_aco000011:v.3/4</subfield></datafield></record>